







%%%%%%%%%%%%%%%%%%% DATASETS %%%%%%%%%%%%%%%%%%%%%


@inproceedings{dai2017scannet,
  title={Scannet: Richly-annotated 3d reconstructions of indoor scenes},
  author={Dai, Angela and Chang, Angel X and Savva, Manolis and Halber, Maciej and Funkhouser, Thomas and Nie{\ss}ner, Matthias},
  booktitle={Proceedings of the IEEE conference on computer vision and pattern recognition},
  pages={5828--5839},
  year={2017}
}


@inproceedings{armeni20163d,
  title={3d semantic parsing of large-scale indoor spaces},
  author={Armeni, Iro and Sener, Ozan and Zamir, Amir R and Jiang, Helen and Brilakis, Ioannis and Fischer, Martin and Savarese, Silvio},
  booktitle={Proceedings of the IEEE conference on computer vision and pattern recognition},
  pages={1534--1543},
  year={2016}
}

@inproceedings{caesar2020nuscenes,
  title={nuscenes: A multimodal dataset for autonomous driving},
  author={Caesar, Holger and Bankiti, Varun and Lang, Alex H and Vora, Sourabh and Liong, Venice Erin and Xu, Qiang and Krishnan, Anush and Pan, Yu and Baldan, Giancarlo and Beijbom, Oscar},
  booktitle={Proceedings of the IEEE/CVF conference on computer vision and pattern recognition},
  pages={11621--11631},
  year={2020}
}

@inproceedings{behley2019semantickitti,
  title={Semantickitti: A dataset for semantic scene understanding of lidar sequences},
  author={Behley, Jens and Garbade, Martin and Milioto, Andres and Quenzel, Jan and Behnke, Sven and Stachniss, Cyrill and Gall, Jurgen},
  booktitle={Proceedings of the IEEE/CVF international conference on computer vision},
  pages={9297--9307},
  year={2019}
}

@InProceedings{Lavado_2025_WACV,
    author    = {Lavado, Diogo and Santos, Ricardo and Coelho, Andr\'e and Santos, Jo\~ao and Micheletti, Alessandra and Soares, Cl\'audia},
    title     = {Learning under Noisy Labels Spurious Points and Diverse Structures: TS40K a 3D Point Cloud Dataset of Rural Terrain and Electrical Transmission Systems},
    booktitle = {Proceedings of the Winter Conference on Applications of Computer Vision (WACV)},
    month     = {February},
    year      = {2025},
    pages     = {7326-7336}
}


%%%%%%%%%%%%%%%%%%% SOTA METHODS %%%%%%%%%%%%%%%%%%%%%




%%%%%%% POINT BASED


%%% TRANSFORMER BASED

@article{vaswani2017attention,
  title={Attention is all you need},
  author={Vaswani, A},
  journal={Advances in Neural Information Processing Systems},
  year={2017}
}

%% PPT
@inproceedings{wu2024towards,
  title={Towards large-scale 3d representation learning with multi-dataset point prompt training},
  author={Wu, Xiaoyang and Tian, Zhuotao and Wen, Xin and Peng, Bohao and Liu, Xihui and Yu, Kaicheng and Zhao, Hengshuang},
  booktitle={Proceedings of the IEEE/CVF Conference on Computer Vision and Pattern Recognition},
  pages={19551--19562},
  year={2024}
}


%% PTV3
@inproceedings{wu2023ptv3,
  title={Point Transformer V3: Simpler Faster Stronger},
  author={Wu, Xiaoyang and Jiang, Li and Wang, Peng-Shuai and Liu, Zhijian and Liu, Xihui and Qiao, Yu and Ouyang, Wanli and He, Tong and Zhao, Hengshuang},
  booktitle={Proceedings of the IEEE/CVF Conference on Computer Vision and Pattern Recognition},
  pages={4840--4851},
  year={2024}
}


%%%  PTV2
@inproceedings{wu2022point,
  title     = {Point transformer V2: Grouped Vector Attention and Partition-based Pooling},
  author    = {Wu, Xiaoyang and Lao, Yixing and Jiang, Li and Liu, Xihui and Zhao, Hengshuang},
  booktitle = {NeurIPS},
  year      = {2022}
}

%%%  PTV1
@inproceedings{zhao2021point,
  title={Point transformer},
  author={Zhao, Hengshuang and Jiang, Li and Jia, Jiaya and Torr, Philip HS and Koltun, Vladlen},
  booktitle={Proceedings of the IEEE/CVF international conference on computer vision},
  pages={16259--16268},
  year={2021}
}

@inproceedings{park2022fast,
  title={Fast point transformer},
  author={Park, Chunghyun and Jeong, Yoonwoo and Cho, Minsu and Park, Jaesik},
  booktitle={Proceedings of the IEEE/CVF conference on computer vision and pattern recognition},
  pages={16949--16958},
  year={2022}
}

@inproceedings{lai2022stratified,
  title={Stratified transformer for 3d point cloud segmentation},
  author={Lai, Xin and Liu, Jianhui and Jiang, Li and Wang, Liwei and Zhao, Hengshuang and Liu, Shu and Qi, Xiaojuan and Jia, Jiaya},
  booktitle={Proceedings of the IEEE/CVF conference on computer vision and pattern recognition},
  pages={8500--8509},
  year={2022}
}

@inproceedings{lai2023spherical,
  title={Spherical transformer for lidar-based 3d recognition},
  author={Lai, Xin and Chen, Yukang and Lu, Fanbin and Liu, Jianhui and Jia, Jiaya},
  booktitle={Proceedings of the IEEE/CVF Conference on Computer Vision and Pattern Recognition},
  pages={17545--17555},
  year={2023}
}

@article{wang2023octformer,
  title={Octformer: Octree-based transformers for 3d point clouds},
  author={Wang, Peng-Shuai},
  journal={ACM Transactions on Graphics (TOG)},
  volume={42},
  number={4},
  pages={1--11},
  year={2023},
  publisher={ACM New York, NY, USA}
}





%%%% MLP BASED


@inproceedings{qi2017pointnet,
  title={Pointnet: Deep learning on point sets for 3d classification and segmentation},
  author={Qi, Charles R and Su, Hao and Mo, Kaichun and Guibas, Leonidas J},
  booktitle={Proceedings of the IEEE conference on computer vision and pattern recognition},
  pages={652--660},
  year={2017}
}

@article{qi2017pointnet++,
  title={Pointnet++: Deep hierarchical feature learning on point sets in a metric space},
  author={Qi, Charles Ruizhongtai and Yi, Li and Su, Hao and Guibas, Leonidas J},
  journal={Advances in neural information processing systems},
  volume={30},
  year={2017}
}


@inproceedings{hu2020randla,
  title={Randla-net: Efficient semantic segmentation of large-scale point clouds},
  author={Hu, Qingyong and Yang, Bo and Xie, Linhai and Rosa, Stefano and Guo, Yulan and Wang, Zhihua and Trigoni, Niki and Markham, Andrew},
  booktitle={Proceedings of the IEEE/CVF conference on computer vision and pattern recognition},
  pages={11108--11117},
  year={2020}
}

@article{qian2022pointnext,
  title={Pointnext: Revisiting pointnet++ with improved training and scaling strategies},
  author={Qian, Guocheng and Li, Yuchen and Peng, Houwen and Mai, Jinjie and Hammoud, Hasan and Elhoseiny, Mohamed and Ghanem, Bernard},
  journal={Advances in neural information processing systems},
  volume={35},
  pages={23192--23204},
  year={2022}
}

@inproceedings{kong2023rethinking,
  title={Rethinking range view representation for lidar segmentation},
  author={Kong, Lingdong and Liu, Youquan and Chen, Runnan and Ma, Yuexin and Zhu, Xinge and Li, Yikang and Hou, Yuenan and Qiao, Yu and Liu, Ziwei},
  booktitle={Proceedings of the IEEE/CVF International Conference on Computer Vision},
  pages={228--240},
  year={2023}
}


%%%% CONV BASED

@inproceedings{thomas2019kpconv,
  title={Kpconv: Flexible and deformable convolution for point clouds},
  author={Thomas, Hugues and Qi, Charles R and Deschaud, Jean-Emmanuel and Marcotegui, Beatriz and Goulette, Fran{\c{c}}ois and Guibas, Leonidas J},
  booktitle={Proceedings of the IEEE/CVF international conference on computer vision},
  pages={6411--6420},
  year={2019}
}

@inproceedings{wang2019graph,
  title={Graph attention convolution for point cloud semantic segmentation},
  author={Wang, Lei and Huang, Yuchun and Hou, Yaolin and Zhang, Shenman and Shan, Jie},
  booktitle={Proceedings of the IEEE/CVF conference on computer vision and pattern recognition},
  pages={10296--10305},
  year={2019}
}

# continuous conv
@inproceedings{groh2018flex,
  title={Flex-Convolution: Million-scale point-cloud learning beyond grid-worlds},
  author={Groh, Fabian and Wieschollek, Patrick and Lensch, Hendrik PA},
  booktitle={Asian Conference on Computer Vision},
  pages={105--122},
  year={2018},
  organization={Springer}
}

@inproceedings{wang2018deep,
  title={Deep parametric continuous convolutional neural networks},
  author={Wang, Shenlong and Suo, Simon and Ma, Wei-Chiu and Pokrovsky, Andrei and Urtasun, Raquel},
  booktitle={Proceedings of the IEEE conference on computer vision and pattern recognition},
  pages={2589--2597},
  year={2018}
}

@inproceedings{xu2018spidercnn,
  title={Spidercnn: Deep learning on point sets with parameterized convolutional filters},
  author={Xu, Yifan and Fan, Tianqi and Xu, Mingye and Zeng, Long and Qiao, Yu},
  booktitle={Proceedings of the European conference on computer vision (ECCV)},
  pages={87--102},
  year={2018}
}

@article{li2018pointcnn,
  title={Pointcnn: Convolution on x-transformed points},
  author={Li, Yangyan and Bu, Rui and Sun, Mingchao and Wu, Wei and Di, Xinhan and Chen, Baoquan},
  journal={Advances in neural information processing systems},
  volume={31},
  year={2018}
}

@inproceedings{wu2019pointconv,
  title={Pointconv: Deep convolutional networks on 3d point clouds},
  author={Wu, Wenxuan and Qi, Zhongang and Fuxin, Li},
  booktitle={Proceedings of the IEEE/CVF Conference on computer vision and pattern recognition},
  pages={9621--9630},
  year={2019}
}

%%% discrete conv
@article{lei2020spherical,
  title={Spherical kernel for efficient graph convolution on 3d point clouds},
  author={Lei, Huan and Akhtar, Naveed and Mian, Ajmal},
  journal={IEEE transactions on pattern analysis and machine intelligence},
  volume={43},
  number={10},
  pages={3664--3680},
  year={2020},
  publisher={IEEE}
}

@article{zhu2021cylindrical,
  title={Cylindrical and asymmetrical 3d convolution networks for lidar-based perception},
  author={Zhu, Xinge and Zhou, Hui and Wang, Tai and Hong, Fangzhou and Li, Wei and Ma, Yuexin and Li, Hongsheng and Yang, Ruigang and Lin, Dahua},
  journal={IEEE Transactions on Pattern Analysis and Machine Intelligence},
  volume={44},
  number={10},
  pages={6807--6822},
  year={2021},
  publisher={IEEE}
}

@inproceedings{lei2019octree,
  title={Octree guided cnn with spherical kernels for 3d point clouds},
  author={Lei, Huan and Akhtar, Naveed and Mian, Ajmal},
  booktitle={Proceedings of the IEEE/CVF Conference on Computer Vision and Pattern Recognition},
  pages={9631--9640},
  year={2019}
}




%%%%%%%%%%%%%%%%%%%%%%%%%%%%%%%%%% MULTI VIEW BASED

@inproceedings{lang2019pointpillars,
  title={Pointpillars: Fast encoders for object detection from point clouds},
  author={Lang, Alex H and Vora, Sourabh and Caesar, Holger and Zhou, Lubing and Yang, Jiong and Beijbom, Oscar},
  booktitle={Proceedings of the IEEE/CVF conference on computer vision and pattern recognition},
  pages={12697--12705},
  year={2019}
}

@inproceedings{lawin2017deep,
  title={Deep projective 3D semantic segmentation},
  author={Lawin, Felix J{\"a}remo and Danelljan, Martin and Tosteberg, Patrik and Bhat, Goutam and Khan, Fahad Shahbaz and Felsberg, Michael},
  booktitle={Computer Analysis of Images and Patterns: 17th International Conference, CAIP 2017, Ystad, Sweden, August 22-24, 2017, Proceedings, Part I 17},
  pages={95--107},
  year={2017},
  organization={Springer}
}

@inproceedings{su2015multi,
  title={Multi-view convolutional neural networks for 3d shape recognition},
  author={Su, Hang and Maji, Subhransu and Kalogerakis, Evangelos and Learned-Miller, Erik},
  booktitle={Proceedings of the IEEE international conference on computer vision},
  pages={945--953},
  year={2015}
}

@inproceedings{feng2018gvcnn,
  title={Gvcnn: Group-view convolutional neural networks for 3d shape recognition},
  author={Feng, Yifan and Zhang, Zizhao and Zhao, Xibin and Ji, Rongrong and Gao, Yue},
  booktitle={Proceedings of the IEEE conference on computer vision and pattern recognition},
  pages={264--272},
  year={2018}
}

@inproceedings{yang2019learning,
  title={Learning relationships for multi-view 3D object recognition},
  author={Yang, Ze and Wang, Liwei},
  booktitle={Proceedings of the IEEE/CVF international conference on computer vision},
  pages={7505--7514},
  year={2019}
}

@inproceedings{lyu2020learning,
  title={Learning to segment 3d point clouds in 2d image space},
  author={Lyu, Yecheng and Huang, Xinming and Zhang, Ziming},
  booktitle={Proceedings of the IEEE/CVF Conference on Computer Vision and Pattern Recognition},
  pages={12255--12264},
  year={2020}
}

@inproceedings{wei2020view,
  title={View-GCN: View-based graph convolutional network for 3D shape analysis},
  author={Wei, Xin and Yu, Ruixuan and Sun, Jian},
  booktitle={Proceedings of the IEEE/CVF conference on computer vision and pattern recognition},
  pages={1850--1859},
  year={2020}
}


#### VOXEL BASED

@inproceedings{maturana2015voxnet,
  title={Voxnet: A 3d convolutional neural network for real-time object recognition},
  author={Maturana, Daniel and Scherer, Sebastian},
  booktitle={2015 IEEE/RSJ international conference on intelligent robots and systems (IROS)},
  pages={922--928},
  year={2015},
  organization={IEEE}
}

@inproceedings{song2017semantic,
  title={Semantic scene completion from a single depth image},
  author={Song, Shuran and Yu, Fisher and Zeng, Andy and Chang, Angel X and Savva, Manolis and Funkhouser, Thomas},
  booktitle={Proceedings of the IEEE conference on computer vision and pattern recognition},
  pages={1746--1754},
  year={2017}
}


@inproceedings{choy20194d,
  title={4d spatio-temporal convnets: Minkowski convolutional neural networks},
  author={Choy, Christopher and Gwak, JunYoung and Savarese, Silvio},
  booktitle={Proceedings of the IEEE/CVF conference on computer vision and pattern recognition},
  pages={3075--3084},
  year={2019}
}

@inproceedings{le2018pointgrid,
  title={Pointgrid: A deep network for 3d shape understanding},
  author={Le, Truc and Duan, Ye},
  booktitle={Proceedings of the IEEE conference on computer vision and pattern recognition},
  pages={9204--9214},
  year={2018}
}

@article{wang2017cnn,
  title={O-cnn: Octree-based convolutional neural networks for 3d shape analysis},
  author={Wang, Peng-Shuai and Liu, Yang and Guo, Yu-Xiao and Sun, Chun-Yu and Tong, Xin},
  journal={ACM Transactions On Graphics (TOG)},
  volume={36},
  number={4},
  pages={1--11},
  year={2017},
  publisher={ACM New York, NY, USA}
}

@inproceedings{meng2019vv,
  title={Vv-net: Voxel vae net with group convolutions for point cloud segmentation},
  author={Meng, Hsien-Yu and Gao, Lin and Lai, Yu-Kun and Manocha, Dinesh},
  booktitle={Proceedings of the IEEE/CVF international conference on computer vision},
  pages={8500--8508},
  year={2019}
}

@inproceedings{zhang2020polarnet,
  title={Polarnet: An improved grid representation for online lidar point clouds semantic segmentation},
  author={Zhang, Yang and Zhou, Zixiang and David, Philip and Yue, Xiangyu and Xi, Zerong and Gong, Boqing and Foroosh, Hassan},
  booktitle={Proceedings of the IEEE/CVF Conference on Computer Vision and Pattern Recognition},
  pages={9601--9610},
  year={2020}
}

@inproceedings{chen2023voxelnext,
  title={Voxelnext: Fully sparse voxelnet for 3d object detection and tracking},
  author={Chen, Yukang and Liu, Jianhui and Zhang, Xiangyu and Qi, Xiaojuan and Jia, Jiaya},
  booktitle={Proceedings of the IEEE/CVF Conference on Computer Vision and Pattern Recognition},
  pages={21674--21683},
  year={2023}
}

@inproceedings{peng2024oa,
  title={Oa-cnns: Omni-adaptive sparse cnns for 3d semantic segmentation},
  author={Peng, Bohao and Wu, Xiaoyang and Jiang, Li and Chen, Yukang and Zhao, Hengshuang and Tian, Zhuotao and Jia, Jiaya},
  booktitle={Proceedings of the IEEE/CVF Conference on Computer Vision and Pattern Recognition},
  pages={21305--21315},
  year={2024}
}